%%%%%%%%%%%%%%%
% inproceedings
%%%%%%%%%%%%%%%

@inproceedings{sperotto2009,
  author		= {Anna Sperotto and Ramin Sadre and Pieter-Tjerk de Boer and Aiko Pras}, 
  booktitle		= {{20th IFIP/IEEE International Workshop on Distributed Systems: Operations and Management (DSOM 2009)}},
  title			= {{Hidden Markov Model Modeling of SSH Brute-Force Attacks}},
  year			= {2009}, 
  volume		= {}, 
  number		= {}, 
  pages			= {164--176},
}

%%%%%%%%%%%%%%%
% misc -- RFCs
%%%%%%%%%%%%%%%

@misc{rfc3954,
  author        = {Benoit Claise},
  title         = {{Cisco Systems NetFlow Services Export Version 9}},
  howpublished  = {RFC 3954},
  month         = {October},
  year          = {2004},
  url           = {http://www.ietf.org/rfc/rfc3954.txt},
}

@misc{rfc5470,
  author        = {Ganesh Sadasivan and Nevil Brownlee and Benoit Claise and J\"{u}rgen Quittek},
  title         = {{Architecture for IP Flow Information Export}},
  howpublished  = {RFC 5470},
  month         = {March},
  year          = {2009},
  url           = {http://www.ietf.org/rfc/rfc5470.txt},
}

%%%%%%%%%%%%%%%%%%%%%%%%%%%%%%%
% misc -- web
%%%%%%%%%%%%%%%%%%%%%%%%%%%%%%%

@misc{maxmind,
  author 		= {{IP2Location}},
  howpublished 	= {http://www.maxmind.com/app/geolitecity},
  note 			= {Accessed on 30 November 2013},
  title 		= {{MaxMind - GeoLite City}},
  year 			= {2012}
}

@misc{nfdump,
  author 		= {{Peter Haag}},
  howpublished 	= {http://nfdump.sourceforge.net/},
  note 			= {Accessed on 30 November 2013},
  title 		= {{nfdump}},
  year 			= {2013}
}

@misc{nfsen,
  author 		= {{Peter Haag}},
  howpublished 	= {http://nfsen.sourceforge.net/},
  note 			= {Accessed on 30 November 2013},
  title 		= {{NfSen}},
  year 			= {2012}
}

@misc{sflowv5,
  author        = {Peter Phaal},
  title         = {{sFlow Version 5}},
  howpublished  = {http://sflow.org/sflow\_version\_5.txt},
  month         = {July},
  year          = {2004},
  note          = {Accessed on 30 November 2013},
}

